@inproceedings{luijmes2025arc,
  title     = {{ARC}: Anchored Representation Clouds for High-Resolution {INR} Classification},
  author    = {Luijmes, J. and Gielisse, A. and Knyazhitskiy, R. and van Gemert, J.},
  booktitle = {ICLR 2025 Workshop on Weight Space Learning},
  year      = {2025},
  note      = {Accepted}
}

@article{knyazhitskiy2025simple,
  title   = {A Simple Scaling Model for Bootstrapped {DQN}},
  author  = {Knyazhitskiy, R. and Van der Vaart, P. R.},
  year    = {2025},
  note    = {Under review}
}
